@conference{kernel-fusion,
  title={{Kernel Fusion: an Effective Method for Better Power Efficiency on Multithreaded GPU}},
  author={Wang, G. and Lin, Y.S. and Yi, W.},
  booktitle={Green Computing and Communications (GreenCom), 2010 IEEE/ACM Int'l Conference on \& Int'l Conference on Cyber, Physical and Social Computing (CPSCom)},
  pages={344--350},
  organization={IEEE}
}

@article{pldi10,
  title={{A gpgpu compiler for memory optimization and parallelism management}},
  author={Yang, Y. and Xiang, P. and Kong, J. and Zhou, H.},
  journal={ACM SIGPLAN Notices},
  volume={45},
  number={6},
  pages={86--97},
  issn={0362-1340},
  year={2010},
  publisher={ACM}
}

@article{cuda-lite,
  title={{CUDA-lite: Reducing GPU programming complexity}},
  author={Ueng, S.Z. and Lathara, M. and Baghsorkhi, S. and Hwu, W.},
  journal={Languages and Compilers for Parallel Computing},
  pages={1--15},
  year={2008},
  publisher={Springer}
}
@article{adaptive,
  title={{An Adaptive Performance Modeling Tool for GPU Architectures}},
  author={Sanjay, S.S.B.M.D. and Gropp, J.P.W.D. and Wen-mei, W.H.},
  journal={Urbana},
  volume={51},
  pages={61801},
  year={2010}
}

@article{analytical,
  title={{An analytical model for a GPU architecture with memory-level and thread-level parallelism awareness}},
  author={Hong, S. and Kim, H.},
  journal={ACM SIGARCH Computer Architecture News},
  volume={37},
  number={3},
  pages={152--163},
  issn={0163-5964},
  year={2009},
  publisher={ACM}
}


